<record xmlns="http://www.loc.gov/MARC21/slim">
   <leader>01662cam a2200385 a 4500</leader>
   <controlfield tag="001">1392757</controlfield>
   <controlfield tag="008">910802s1985    fr a         i    0 eng d</controlfield>
   <datafield ind1=" " ind2=" " tag="010">
      <subfield code="a">   85202666 //r88</subfield>
   </datafield>
   <datafield ind1=" " ind2=" " tag="020">
      <subfield code="a">9284210216 (pbk.)</subfield>
   </datafield>
   <datafield ind1=" " ind2=" " tag="035">
      <subfield code="a">ocm13902453</subfield>
   </datafield>
   <datafield ind1=" " ind2=" " tag="040">
      <subfield code="a">DLC</subfield>
      <subfield code="b">eng</subfield>
      <subfield code="c">DLC</subfield>
   </datafield>
   <datafield ind1=" " ind2=" " tag="049">
      <subfield code="a">AEU</subfield>
      <subfield code="b">eng</subfield>
   </datafield>
   <datafield ind1="0" ind2="0" tag="050">
      <subfield code="a">HG3746</subfield>
      <subfield code="b">.G85 1985</subfield>
   </datafield>
   <datafield ind1="0" ind2=" " tag="082">
      <subfield code="a">332.1/5</subfield>
      <subfield code="2">19</subfield>
   </datafield>
   <datafield ind1="0" ind2=" " tag="090">
      <subfield code="a">HG 3746 G946 1985</subfield>
   </datafield>
   <datafield ind1="0" ind2="0" tag="245">
      <subfield code="a">Guide to documentary credit operations :</subfield>
      <subfield code="b">including uniform customs and practice for documentary credits.</subfield>
   </datafield>
   <datafield ind1=" " ind2=" " tag="250">
      <subfield code="a">1983 revision.</subfield>
   </datafield>
   <datafield ind1=" " ind2=" " tag="260">
      <subfield code="a">Paris :</subfield>
      <subfield code="b">International Chamber of Commerce,</subfield>
      <subfield code="c">1985.</subfield>
   </datafield>
   <datafield ind1=" " ind2=" " tag="300">
      <subfield code="a">52 p. :</subfield>
      <subfield code="b">col. ill. ;</subfield>
      <subfield code="c">30 cm.</subfield>
   </datafield>
   <datafield ind1=" " ind2=" " tag="336">
      <subfield code="a">text</subfield>
      <subfield code="b">txt</subfield>
      <subfield code="2">rdacontent</subfield>
   </datafield>
   <datafield ind1=" " ind2=" " tag="337">
      <subfield code="a">unmediated</subfield>
      <subfield code="b">n</subfield>
      <subfield code="2">rdamedia</subfield>
   </datafield>
   <datafield ind1=" " ind2=" " tag="338">
      <subfield code="a">volume</subfield>
      <subfield code="b">nc</subfield>
      <subfield code="2">rdacarrier</subfield>
   </datafield>
   <datafield ind1="1" ind2=" " tag="490">
      <subfield code="a">Publication ;</subfield>
      <subfield code="v">no 415</subfield>
   </datafield>
   <datafield ind1=" " ind2=" " tag="500">
      <subfield code="a">Cover title.</subfield>
   </datafield>
   <datafield ind1=" " ind2=" " tag="500">
      <subfield code="a">Updated edition of changes introduced from 1st October 1984 by the 1983 revision of UCP and the new ICC standard credit application and credit forms.</subfield>
   </datafield>
   <datafield ind1=" " ind2=" " tag="500">
      <subfield code="a">"Guide ... produced on the basis of a draft by André Boudinot ... by a team of experts led by Bernard Wheble ..."--Verso of cover.</subfield>
   </datafield>
   <datafield ind1=" " ind2=" " tag="596">
      <subfield code="a">38</subfield>
   </datafield>
   <datafield ind1=" " ind2="0" tag="650">
      <subfield code="a">Documentary credit</subfield>
      <subfield code="v">Handbooks, manuals, etc.</subfield>
   </datafield>
   <datafield ind1="1" ind2=" " tag="700">
      <subfield code="a">Boudinot, André.</subfield>
   </datafield>
   <datafield ind1="1" ind2=" " tag="700">
      <subfield code="a">Wheble, B. S.</subfield>
      <subfield code="q">(Bernard S.)</subfield>
   </datafield>
   <datafield ind1="2" ind2=" " tag="710">
      <subfield code="a">International Chamber of Commerce.</subfield>
   </datafield>
   <datafield ind1="0" ind2=" " tag="740">
      <subfield code="a">Uniform customs and practice for documentary credits.</subfield>
   </datafield>
   <datafield ind1="0" ind2=" " tag="740">
      <subfield code="a">ICC standard credit application and credit forms.</subfield>
   </datafield>
   <datafield ind1=" " ind2="0" tag="830">
      <subfield code="a">Publication (International Chamber of Commerce) ;</subfield>
      <subfield code="v">415.</subfield>
   </datafield>
   <datafield ind1=" " ind2=" " tag="926">
      <subfield code="a">HG 3746 G946 1985</subfield>
      <subfield code="w">LC</subfield>
      <subfield code="c">1</subfield>
      <subfield code="i">000037317302</subfield>
      <subfield code="d">8/5/1997</subfield>
      <subfield code="l">ON_SHELF</subfield>
      <subfield code="m">UABARD</subfield>
      <subfield code="n">2</subfield>
      <subfield code="p">$150.00</subfield>
      <subfield code="r">Y</subfield>
      <subfield code="s">Y</subfield>
      <subfield code="t">BOOK</subfield>
      <subfield code="u">8/14/1991</subfield>
      <subfield code="o">.STAFF. C0010715</subfield>
   </datafield>
</record>
